@article{wilson2011differential,
  title={Differential dynamic microscopy of bacterial motility},
  doi={10.1103/PhysRevLett.106.018101},
  author={Wilson, Laurence G and Martinez, Vincent A and Schwarz-Linek, Jana and Tailleur, J and Bryant, Gary and Pusey, PN and Poon, Wilson CK},
  journal={Physical Review Letters},
  volume={106},
  number={1},
  pages={018101},
  year={2011},
  publisher={APS}
}