@article{lattuada2020hyperbranched,
 author = {Lattuada, Enrico and Caprara, Debora and Lamberti, Vincenzo and Sciortino, Francesco},
 doi = {10.1039/D0NR04840B},
 journal = {Nanoscale},
 number = {45},
 pages = {23003--23012},
 publisher = {Royal Society of Chemistry},
 title = {Hyperbranched {DNA} clusters},
 volume = {12},
 year = {2020}
}

