@article{lattuada2019thermophoresis,
 author = {Lattuada, Enrico and Buzzaccaro, Stefano and Piazza, Roberto},
 doi = {10.1039/C8SM02386G},
 journal = {Soft Matter},
 number = {10},
 pages = {2140--2151},
 publisher = {Royal Society of Chemistry},
 title = {Thermophoresis in self-associating systems: probing poloxamer micellization by opto-thermal excitation},
 volume = {15},
 year = {2019}
}

