@article{ferri2011kinetics,
  title={Kinetics of colloidal fractal aggregation by differential dynamic microscopy},
  doi={10.1140/epjst/e2011-01509-9},
  author={Ferri, F and Dâ€™Angelo, A and Lee, M and Lotti, A and Pigazzini, MC and Singh, Kanwarpal and Cerbino, R},
  journal={The European Physical Journal Special Topics},
  volume={199},
  pages={139--148},
  year={2011},
  publisher={Springer}
}