@article{he2012diffusive,
  title={Diffusive dynamics of nanoparticles in aqueous dispersions},
  doi={10.1039/C2SM26392K},
  author={He, Kai and Spannuth, Melissa and Conrad, Jacinta C and Krishnamoorti, Ramanan},
  journal={Soft Matter},
  volume={8},
  number={47},
  pages={11933--11938},
  year={2012},
  publisher={Royal Society of Chemistry}
}