@article{lu2012characterizing,
  title={Characterizing concentrated, multiply scattering, and actively driven fluorescent systems with confocal differential dynamic microscopy},
  doi={10.1103/PhysRevLett.108.218103},
  author={Lu, Peter J and Giavazzi, Fabio and Angelini, Thomas E and Zaccarelli, Emanuela and Jargstorff, Frank and Schofield, Andrew B and Wilking, James N and Romanowsky, Mark B and Weitz, David A and Cerbino, Roberto and others},
  journal={Physical review letters},
  volume={108},
  number={21},
  pages={218103},
  year={2012},
  publisher={APS}
}