@article{lattuada2022interpenetrating,
  title={Interpenetrating gels in binary suspensions of {DNA} nanostars},
  author={Lattuada, Enrico and Pietrangeli, Tommaso and Sciortino, Francesco},
  journal={The Journal of Chemical Physics},
  volume={157},
  number={13},
  pages={135101},
  year={2022},
  publisher={AIP Publishing LLC}
}