@article{leo2022treatment,
  title={Treatment of kidney clear cell carcinoma, lung adenocarcinoma and glioblastoma cell lines with hydrogels made of {DNA} nanostars},
  author={Leo, Manuela and Lattuada, Enrico and Caprara, Debora and Salvatori, Luisa and Vecchione, Andrea and Sciortino, Francesco and Filetici, Patrizia and Stoppacciaro, Antonella},
  journal={Biomaterials Science},
  volume={10},
  number={5},
  pages={1304--1316},
  year={2022},
  publisher={Royal Society of Chemistry}
}