@article{lattuada2020dna,
 author = {Lattuada, Enrico and Leo, Manuela and Caprara, Debora and Salvatori, Luisa and Stoppacciaro, Antonella and Sciortino, Francesco and Filetici, Patrizia},
 doi = {10.3389/fphar.2020.01345},
 journal = {Frontiers in Pharmacology},
 pages = {1345},
 publisher = {Frontiers},
 title = {{DNA-GEL}, novel nanomaterial for biomedical applications and delivery of bioactive molecules},
 volume = {11},
 year = {2020}
}

