@article{reufer2012differential,
  title={Differential dynamic microscopy for anisotropic colloidal dynamics},
  doi={10.1021/la204904a},
  author={Reufer, Mathias and Martinez, Vincent A and Schurtenberger, Peter and Poon, Wilson CK},
  journal={Langmuir},
  volume={28},
  number={10},
  pages={4618--4624},
  year={2012},
  publisher={ACS Publications}
}