@article{cerbino2008differential,
  title={Differential dynamic microscopy: probing wave vector dependent dynamics with a microscope},
  doi={10.1103/PhysRevLett.100.188102},
  author={Cerbino, Roberto and Trappe, Veronique},
  journal={Physical Review Letters},
  volume={100},
  number={18},
  pages={188102},
  year={2008},
  publisher={APS}
}