@article{lattuada2021spatially,
 author = {Lattuada, Enrico and Caprara, Debora and Piazza, Roberto and Sciortino, Francesco},
 doi = {10.1126/sciadv.abk2360},
 journal = {Science Advances},
 number = {49},
 pages = {eabk2360},
 publisher = {American Association for the Advancement of Science},
 title = {Spatially uniform dynamics in equilibrium colloidal gels},
 volume = {7},
 year = {2021}
}

