@article{martinez2012differential,
  title={Differential dynamic microscopy: A high-throughput method for characterizing the motility of microorganisms},
  doi={10.1016/j.bpj.2012.08.045},
  author={Martinez, Vincent A and Besseling, Rut and Croze, Ottavio A and Tailleur, Julien and Reufer, Mathias and Schwarz-Linek, Jana and Wilson, Laurence G and Bees, Martin A and Poon, Wilson CK},
  journal={Biophysical journal},
  volume={103},
  number={8},
  pages={1637--1647},
  year={2012},
  publisher={Elsevier}
}