@article{lattuada2016colloidal,
 author = {Lattuada, Enrico and Buzzaccaro, Stefano and Piazza, Roberto},
 doi = {10.1103/PhysRevLett.116.038301},
 journal = {Physical Review Letters},
 number = {3},
 pages = {038301},
 publisher = {APS},
 title = {Colloidal swarms can settle faster than isolated particles: enhanced sedimentation near phase separation},
 volume = {116},
 year = {2016}
}