@article{capassopalmiero2017use,
 author = {Capasso Palmiero, Umberto and Agostini, Azzurra and Lattuada, Enrico and Gatti, Simone and Singh, Jaspreet and Canova, Christopher Thomas and Buzzaccaro, Stefano and Moscatelli, Davide},
 doi = {10.1039/C7SM01084B},
 issue = {37},
 journal = {Soft Matter},
 pages = {6439-6449},
 publisher = {The Royal Society of Chemistry},
 title = {Use of {RAFT} macro-surfmers for the synthesis of transparent aqueous colloids with tunable interactions},
 volume = {13},
 year = {2017}
}

