@article{lattuada2019compressive,
 author = {Lattuada, Enrico},
 doi = {10.1393/ncc/i2019-19226-3},
 journal = {Il Nuovo Cimento C},
 number = {5},
 pages = {1--10},
 publisher = {Societa italiana di fisica},
 title = {Compressive yield stress of depletion gels with variable interaction strength},
 volume = {42},
 year = {2019}
}

