@article{giavazzi2009scattering,
  title={Scattering information obtained by optical microscopy: differential dynamic microscopy and beyond},
  doi={10.1103/PhysRevE.80.031403},
  author={Giavazzi, Fabio and Brogioli, Doriano and Trappe, Veronique and Bellini, Tommaso and Cerbino, Roberto},
  journal={Physical Review E},
  volume={80},
  number={3},
  pages={031403},
  year={2009},
  publisher={APS}
}