@article{lattuada2018compressive,
 author = {Lattuada, Enrico and Buzzaccaro, Stefano and Piazza, Roberto},
 doi = {10.1088/1361-648X/aaa2d1},
 journal = {Journal of Physics: Condensed Matter},
 number = {4},
 pages = {044005},
 publisher = {IOP Publishing},
 title = {Compressive yield stress of depletion gels from stationary centrifugation profiles},
 volume = {30},
 year = {2018}
}

