@article{cerchiari2012note,
  title={Note: Quasi-real-time analysis of dynamic near field scattering data using a graphics processing unit},
  doi={10.1063/1.4755747},
  author={Cerchiari, Giovanni and Croccolo, Fabrizio and Cardinaux, Fr{\'e}d{\'e}ric and Scheffold, Frank},
  journal={Review of Scientific Instruments},
  volume={83},
  number={10},
  pages={106101},
  year={2012},
  publisher={American Institute of Physics}
}